@article{basoldhigher,
	title={Higher Inductive Types in Programming},
	author={Basold, Henning and Geuvers, Herman and van der Weide, Niels}
}

@inproceedings{doorn2016constructing,
	title={Constructing the propositional truncation using non-recursive hits},
	author={Doorn, Floris van},
	booktitle={Proceedings of the 5th ACM SIGPLAN Conference on Certified Programs and Proofs},
	pages={122--129},
	year={2016},
	organization={ACM}
}

@article{kraus2014general,
	title={The general universal property of the propositional truncation},
	author={Kraus, Nicolai},
	journal={arXiv preprint arXiv:1411.2682},
	year={2014}
}

@inproceedings{kraus2016constructions,
	title={Constructions with non-recursive higher inductive types},
	author={Kraus, Nicolai},
	booktitle={Proceedings of the 31st Annual ACM/IEEE Symposium on Logic in Computer Science},
	pages={595--604},
	year={2016},
	organization={ACM}
}

@article{altenkirch2016quotient,
	title={Quotient inductive-inductive types},
	author={Altenkirch, Thorsten and Capriotti, Paolo and Dijkstra, Gabe and Forsberg, Fredrik Nordvall},
	journal={arXiv preprint arXiv:1612.02346},
	year={2016}
}

@inproceedings{awodey2012inductive,
	title={Inductive types in homotopy type theory},
	author={Awodey, Steve and Gambino, Nicola and Sojakova, Kristina},
	booktitle={Proceedings of the 2012 27th Annual IEEE/ACM Symposium on Logic in Computer Science},
	pages={95--104},
	year={2012},
	organization={IEEE Computer Society}
}

@inproceedings{sojakova2015higher,
	title={Higher inductive types as homotopy-initial algebras},
	author={Sojakova, Kristina},
	booktitle={ACM SIGPLAN Notices},
	volume={50},
	number={1},
	pages={31--42},
	year={2015},
	organization={ACM}
}

@article{abbott2005containers,
	title={Containers: constructing strictly positive types},
	author={Abbott, Michael and Altenkirch, Thorsten and Ghani, Neil},
	journal={Theoretical Computer Science},
	volume={342},
	number={1},
	pages={3--27},
	year={2005},
	publisher={Elsevier}
}

@Book{hottbook,
	author =    {The {Univalent Foundations Program}},
	title =     {Homotopy Type Theory: Univalent Foundations of Mathematics},
	publisher = {\url{https://homotopytypetheory.org/book}},
	address =   {Institute for Advanced Study},
	year =      2013
}

@inproceedings{bezem2014model,
	title={A model of type theory in cubical sets},
	author={Bezem, Marc and Coquand, Thierry and Huber, Simon},
	booktitle={19th International Conference on Types for Proofs and Programs (TYPES 2013)},
	volume={26},
	pages={107--128},
	year={2014}
}

@article{cohen2016cubical,
	title={Cubical type theory: a constructive interpretation of the univalence axiom},
	author={Cohen, Cyril and Coquand, Thierry and Huber, Simon and M{\"o}rtberg, Anders},
	journal={arXiv preprint arXiv:1611.02108},
	year={2016}
}

@article{bauer2016hott,
	title={The HoTT Library: A formalization of homotopy type theory in Coq},
	author={Bauer, Andrej and Gross, Jason and Lumsdaine, Peter LeFanu and Shulman, Mike and Sozeau, Matthieu and Spitters, Bas},
	journal={arXiv preprint arXiv:1610.04591},
	year={2016}
}

@article{dybjer1994inductive,
	title={Inductive families},
	author={Dybjer, Peter},
	journal={Formal aspects of computing},
	volume={6},
	number={4},
	pages={440--465},
	year={1994},
	publisher={Springer}
}

@book{mac2013categories,
	title={Categories for the working mathematician},
	author={Mac Lane, Saunders},
	volume={5},
	year={2013},
	publisher={Springer Science \& Business Media}
}

@article{dybjer2003induction,
	title={Induction--recursion and initial algebras},
	author={Dybjer, Peter and Setzer, Anton},
	journal={Annals of Pure and Applied Logic},
	volume={124},
	number={1-3},
	pages={1--47},
	year={2003},
	publisher={Elsevier}
}

@article{adamek1974free,
	title={Free algebras and automata realizations in the language of categories},
	author={Ad{\'a}mek, Ji{\v{r}}{\'\i}},
	journal={Commentationes Mathematicae Universitatis Carolinae},
	volume={15},
	number={4},
	pages={589--602},
	year={1974},
	publisher={Charles University in Prague, Faculty of Mathematics and Physics}
}

@unpublished{CoqImpl,
	title= {Accompanying {L}emmas of {T}hree-{H}{I}{T}s {T}heorem in \textsc{Coq}},
	author = {Bauer, Andrej and van der Weide, Niels},
	year = 2016,
	note= {\url{https://github.com/nmvdw/Three-HITs}}
}