@Article{basoldhigher,
	author =     "Henning Basold and Herman Geuvers and Niels van der Weide",
	title =      "Higher {I}nductive {T}ypes in {P}rogramming",
	abstract =   "We propose general rules for higher inductive   types with non-dependent and dependent elimination rules. These can   be used to give a formal treatment of data types with laws as has   been discussed by David Turner in his earliest papers on Miranda   [Turner(1985)]. The non-dependent elimination scheme is particularly   useful for defining functions by recursion and pattern matching,   while the dependent elimination scheme gives an induction proof   principle. We have rules for non-recursive higher inductive types,   like the integers, but also for recursive higher inductive types   like the truncation. In the present paper we only allow path   constructors (so there are no higher path constructors), which is   sufficient for treating various interesting examples from functional   programming, as we will briefly show in the paper: arithmetic   modulo, integers and finite sets.",
	journal =    "Journal of Universal Computer Science",
	year =       "2017",
	volume =     "23",
	number =     "1",
	pages =      "63--88",
	date =       "2017-01-28",
	month =      "jan",
	note =       "\url{http://www.jucs.org/jucs_23_1/higher_inductive_types_in}"
}


@inproceedings{doorn2016constructing,
	title={Constructing the {P}ropositional {T}runcation using {N}on-{R}ecursive {H}{I}{T}s},
	author={Doorn, Floris van},
	booktitle={Proceedings of the 5th ACM SIGPLAN Conference on Certified Programs and Proofs},
	pages={122--129},
	year={2016},
	organization={ACM}
}

@article{kraus2014general,
	title={The {G}eneral {U}niversal {P}roperty of the {P}ropositional {T}runcation},
	author={Kraus, Nicolai},
	journal={arXiv preprint arXiv:1411.2682},
	year={2014}
}

@inproceedings{kraus2016constructions,
	title={Constructions with {N}on-{R}ecursive {H}igher {I}nductive {T}ypes},
	author={Kraus, Nicolai},
	booktitle={Proceedings of the 31st Annual ACM/IEEE Symposium on Logic in Computer Science},
	pages={595--604},
	year={2016},
	organization={ACM}
}

@article{altenkirch2016quotient,
	title={Quotient {I}nductive-{I}nductive {T}ypes},
	author={Altenkirch, Thorsten and Capriotti, Paolo and Dijkstra, Gabe and Forsberg, Fredrik Nordvall},
	journal={arXiv preprint arXiv:1612.02346},
	year={2016}
}

@inproceedings{awodey2012inductive,
	title={Inductive {T}ypes in {H}omotopy {T}ype {T}heory},
	author={Awodey, Steve and Gambino, Nicola and Sojakova, Kristina},
	booktitle={Proceedings of the 2012 27th Annual IEEE/ACM Symposium on Logic in Computer Science},
	pages={95--104},
	year={2012},
	organization={IEEE Computer Society}
}

@inproceedings{sojakova2015higher,
	author    = {Kristina Sojakova},
	title     = {Higher {I}nductive {T}ypes as {H}omotopy-{I}nitial {A}lgebras},
	booktitle = {Proceedings of the 42nd Annual {ACM} {SIGPLAN-SIGACT} Symposium on
	Principles of Programming Languages, {POPL} 2015, Mumbai, India, January
	15-17, 2015},
	pages     = {31--42},
	year      = {2015}
}

@article{kapulkin2012simplicial,
	title={The {S}implicial {M}odel of {U}nivalent {F}oundations (after {V}oevodsky)},
	author={Kapulkin, Chris and Lumsdaine, Peter LeFanu},
	journal={arXiv preprint arXiv:1211.2851},
	year={2012}
}

@article{abbott2005containers,
	title={Containers: {C}onstructing {S}trictly {P}ositive {T}ypes},
	author={Abbott, Michael and Altenkirch, Thorsten and Ghani, Neil},
	journal={Theoretical Computer Science},
	volume={342},
	number={1},
	pages={3--27},
	year={2005},
	publisher={Elsevier}
}

@Book{hottbook,
	author =    {The {Univalent Foundations Program}},
	title =     {Homotopy {T}ype {T}heory: {U}nivalent {F}oundations of {M}athematics},
	publisher = {\url{https://homotopytypetheory.org/book}},
	address =   {Institute for Advanced Study},
	year =      2013
}

@inproceedings{bezem2014model,
	title={A {M}odel of {T}ype {T}heory in {C}ubical {S}ets},
	author={Bezem, Marc and Coquand, Thierry and Huber, Simon},
	booktitle={19th International Conference on Types for Proofs and Programs (TYPES 2013)},
	volume={26},
	pages={107--128},
	year={2014}
}

@article{cohen2016cubical,
	title={Cubical {T}ype {T}heory: {A} {C}onstructive {I}nterpretation of the {U}nivalence {A}xiom},
	author={Cohen, Cyril and Coquand, Thierry and Huber, Simon and M{\"o}rtberg, Anders},
	journal={arXiv preprint arXiv:1611.02108},
	year={2016}
}

@inproceedings{bauer2016hott,
	author    = {Andrej Bauer and
	Jason Gross and
	Peter LeFanu Lumsdaine and
	Michael Shulman and
	Matthieu Sozeau and
	Bas Spitters},
	title     = {The {H}o{T}{T} {L}ibrary: {A} {F}ormalization of {H}omotopy {T}ype {T}heory in \textsc{Coq}},
	booktitle = {Proceedings of the 6th {ACM} {SIGPLAN} Conference on Certified Programs
	and Proofs, {CPP} 2017, Paris, France, January 16-17, 2017},
	pages     = {164--172},
	year      = {2017},
}

@article{dybjer1994inductive,
	title={Inductive {F}amilies},
	author={Dybjer, Peter},
	journal={Formal aspects of computing},
	volume={6},
	number={4},
	pages={440--465},
	year={1994},
	publisher={Springer}
}

@book{mac2013categories,
	title={Categories for the {W}orking {M}athematician},
	author={Mac Lane, Saunders},
	volume={5},
	year={2013},
	publisher={Springer Science \& Business Media}
}

@article{dybjer2003induction,
	title={Induction--{R}ecursion and {I}nitial {A}lgebras},
	author={Dybjer, Peter and Setzer, Anton},
	journal={Annals of Pure and Applied Logic},
	volume={124},
	number={1-3},
	pages={1--47},
	year={2003},
	publisher={Elsevier}
}

@article{adamek1974free,
	title={Free {A}lgebras and {A}utomata {R}ealizations in the {L}anguage of {C}ategories},
	author={Ad{\'a}mek, Ji{\v{r}}{\'\i}},
	journal={Commentationes Mathematicae Universitatis Carolinae},
	volume={15},
	number={4},
	pages={589--602},
	year={1974},
	publisher={Charles University in Prague, Faculty of Mathematics and Physics}
}

@unpublished{boulier2016,
	title= {Colimits in {H}o{T}{T}},
	author = {Boulier, Simon},
	year = 2016,
	note= {\url{https://homotopytypetheory.org/2016/01/08/colimits-in-hott/}}
}

@unpublished{boulier2015colimites,
	title={Colimites et {S}tructure de {M}odele en {T}h{\'e}orie des {T}ypes {H}omotopique},
	author={Boulier, Simon},
	year={2015},
	note={\url{http://perso.eleves.ens-rennes.fr/~sboul434/documents/rapport_de_stage_M2_Nantes.pdf}}
}

@unpublished{CoqImpl,
	title= {Accompanying {L}emmas of {T}hree-{H}{I}{T}s {T}heorem in \textsc{Coq}},
	author = {Bauer, Andrej and van der Weide, Niels},
	year = 2016,
	note= {\url{https://github.com/nmvdw/Three-HITs}}
}

@unpublished{IntervalFE,
	title= {An {I}nterval {T}ype {I}mplies {F}unction {E}xtensionality},
	author = {Shulman, Mike},
	year = 2011,
	note= {\url{https://homotopytypetheory.org/2011/04/04/an-interval-type-implies-function-extensionality/}}
}

@unpublished{UnivalenceFE,
	title= {Another {P}roof {T}hat {U}nivalence {I}mplies {F}unction {E}xtensionality},
	author = {Licata, Dan},
	year = 2014,
	note= {\url{https://homotopytypetheory.org/2014/02/17/another-proof-that-univalence-implies-function-extensionality/}}
}

@inproceedings{awodey2009homotopy,
	title={Homotopy {T}heoretic {M}odels of {I}dentity {T}ypes},
	author={Awodey, Steve and Warren, Michael A},
	booktitle={Mathematical Proceedings of the Cambridge Philosophical Society},
	volume={146},
	pages={45--55},
	year={2009},
	organization={Cambridge Univ Press}
}

@inproceedings{arndt2011homotopy,
	title={Homotopy-{T}heoretic {M}odels of {T}ype {T}heory},
	author={Arndt, Peter and Kapulkin, Krzysztof},
	booktitle={International Conference on Typed Lambda Calculi and Applications},
	pages={45--60},
	year={2011},
	organization={Springer}
}

@incollection{altenkirch2003generic,
	title={Generic {P}rogramming within {D}ependently {T}yped {P}rogramming},
	author={Altenkirch, Thorsten and McBride, Conor},
	booktitle={Generic Programming},
	pages={1--20},
	year={2003},
	publisher={Springer}
}